<record><leader>00000cas a22000007a 4500</leader><controlfield tag="001">20190476</controlfield><controlfield tag="008">890817d1985198uarusr ne      0    0eng d</controlfield><datafield ind1=" " ind2=" " tag="010"><subfield code="a">sn 89051329 </subfield></datafield><datafield ind1=" " ind2=" " tag="040"><subfield code="a">ANU</subfield><subfield code="b">eng</subfield><subfield code="c">ANU</subfield><subfield code="d">OCLCQ</subfield></datafield><datafield ind1=" " ind2=" " tag="042"><subfield code="a">msc</subfield></datafield><datafield ind1="0" ind2="0" tag="245"><subfield code="a">Eureka &amp; North Arkansas journal.</subfield></datafield><datafield ind1="3" ind2="0" tag="246"><subfield code="a">Eureka and North Arkansas journal</subfield></datafield><datafield ind1=" " ind2=" " tag="260"><subfield code="a">Eureka Springs, Ark. :</subfield><subfield code="b">Ozark Pub.</subfield></datafield><datafield ind1=" " ind2=" " tag="300"><subfield code="a">v.</subfield></datafield><datafield ind1=" " ind2=" " tag="310"><subfield code="a">Semimonthly,</subfield><subfield code="b">Apr. 15-&lt;Oct. 28, 1987&gt;</subfield></datafield><datafield ind1=" " ind2=" " tag="321"><subfield code="a">Weekly,</subfield><subfield code="b">Mar. 5, 1985-Apr. 1, 1987</subfield></datafield><datafield ind1="0" ind2=" " tag="362"><subfield code="a">Vol. 1, no. 1 (Mar. 5, 1985)-</subfield></datafield><datafield ind1=" " ind2=" " tag="515"><subfield code="a">Numbering is irregular.</subfield></datafield><datafield ind1=" " ind2=" " tag="752"><subfield code="a">United States</subfield><subfield code="b">Arkansas</subfield><subfield code="c">Carroll</subfield><subfield code="d">Eureka Springs.</subfield></datafield></record>